@Book{lat,
  author = 	 {Kopla, H and Daly, P. W.},
  title = 	 {A Guide to \LaTeXe\ : Document Preparation for Beginners and                   Advanced Users},
  publisher = 	 {Addison-Wesley Publishing Company},
  year = 	 {1995},
  OPTkey = 	 {},
  OPTeditor = 	 {},
  OPTvolume = 	 {},
  OPTnumber = 	 {},
  OPTseries = 	 {},
  OPTaddress = 	 {},
  edition =	 {second},
  OPTmonth = 	 {},
  OPTnote = 	 {},
  OPTannote = 	 {}
}

@TechReport{dithe,
  author = 	 {Anonymous},
  title = 	 {Diplomity{\"o}n teko-ohjeet},
  institution =  {Oulun Yliopisto, Elektroniikan ja tietoliikennetekniikan tutkinto-ohjelma},
  year = 	 {2018},
  note ={{www.oulu.fi/sites/default/files/content/Dtyon\_kirjoitusohje\_2018\_FI.pdf} (27.4.2022)},
  OPTkey = 	 {},
  OPTtype = 	 {},
  OPTnumber = 	 {},
  OPTaddress = 	 {},
  OPTmonth = 	 {},
  OPTnote = 	 {},
  OPTannote = 	 {}
}

@INPROCEEDINGS{Mahmood2020,
  author={Mahmood, Nurul Huda and Alves, Hirley and LÃ³pez, Onel Alcaraz and Shehab, Mohammad and Osorio, Diana P. Moya and Latva-Aho, Matti},
  booktitle={2020 2nd 6G Wireless Summit (6G SUMMIT)}, 
  title={Six Key Features of Machine Type Communication in 6G}, 
  year={2020},
  volume={},
  number={},
  pages={1-5},
  doi={10.1109/6GSUMMIT49458.2020.9083794}}


